<record><leader>00000cas a2200000Ma 4500</leader><controlfield tag="001">11048214</controlfield><controlfield tag="008">840813c18769999inuwr ne      0   a0eng d</controlfield><datafield ind1=" " ind2=" " tag="010"><subfield code="a">sn 84023859 </subfield></datafield><datafield ind1=" " ind2=" " tag="040"><subfield code="a">AQM</subfield><subfield code="b">eng</subfield><subfield code="c">AQM</subfield><subfield code="d">OCLCQ</subfield></datafield><datafield ind1=" " ind2=" " tag="022"><subfield code="a">8750-6513</subfield><subfield code="l">8750-6513</subfield></datafield><datafield ind1=" " ind2=" " tag="032"><subfield code="a">012600</subfield><subfield code="b">USPS</subfield></datafield><datafield ind1=" " ind2="4" tag="222"><subfield code="a">The Albion new era</subfield></datafield><datafield ind1="0" ind2="4" tag="245"><subfield code="a">The Albion new era.</subfield></datafield><datafield ind1=" " ind2=" " tag="260"><subfield code="a">Albion, Noble Co[unty], Ind. :</subfield><subfield code="b">Prickett &amp; Starr,</subfield><subfield code="c">1876-</subfield></datafield><datafield ind1=" " ind2=" " tag="300"><subfield code="a">v.</subfield></datafield><datafield ind1=" " ind2=" " tag="310"><subfield code="a">Weekly</subfield></datafield><datafield ind1="0" ind2=" " tag="362"><subfield code="a">Vol. 4, no. 11 (Jan. 6, 1876)- = new ser. v. 1, no. 1-</subfield></datafield><datafield ind1=" " ind2=" " tag="515"><subfield code="a">New series designation dropped after &lt;Apr. 22, 1896&gt;.</subfield></datafield><datafield ind1=" " ind2="7" tag="655"><subfield code="a">Newspapers.</subfield><subfield code="2">rbgenr</subfield></datafield><datafield ind1=" " ind2=" " tag="752"><subfield code="a">United States</subfield><subfield code="b">Indiana</subfield><subfield code="c">Noble</subfield><subfield code="d">Albion.</subfield></datafield><datafield ind1="0" ind2="0" tag="780"><subfield code="t">New era (Albion, Ind.)</subfield><subfield code="w">(DLC)sn 87056108</subfield></datafield></record>